@book{boole2008calculus,
  title={Calculus of Finite Differences},
  author={Boole, G.},
  isbn={9781443728805},
  url={https://books.google.be/books?id=MEMnO9zeQT4C},
  year={2008},
  publisher={Read Books}
}

@book{elaydi2013introduction,
  title={An Introduction to Difference Equations},
  author={Elaydi, S.N.},
  isbn={9781475731101},
  lccn={99013256},
  series={Undergraduate Texts in Mathematics},
  url={https://books.google.be/books?id=6xgGCAAAQBAJ},
  year={2013},
  publisher={Springer New York}
}


 @misc{https://doi.org/10.48550/arxiv.2103.03554,
  doi = {10.48550/ARXIV.2103.03554},
  
  url = {https://arxiv.org/abs/2103.03554},
  
  author = {Kadyrov, Shirali and Orynbassar, Alibek},
  
  keywords = {Number Theory (math.NT), FOS: Mathematics, FOS: Mathematics, 39A06, 11J70},
  
  title = {On the solutions of second order difference equations with variable coefficients},
  
  publisher = {arXiv},
  
  year = {2021},
  
  copyright = {Creative Commons Attribution 4.0 International}
}
